
@article{StockPrice1,
 author = {Kim and Kyoung-jae and Ingoo Han},
 title = {Genetic algorithms approach to feature discretization in artificial neural networks for the prediction of stock price index},
 journal = {Expert systems with Applications},
 volume = 19,
 number = 2,
 pages = {125--132},
 year = 2000
}

@article{NLP,
 author = {Corvey, William J},
 title = {Twitter in mass emergency: what NLP techniques can contribute},
 journal = {Association for Computational Linguistics},
 year = 2010
}

@article{NN,
 author = {Ding, Xiao},
 title = {Deep Learning for Event-Driven Stock Prediction},
 journal = {Ijcai},
 year = 2015
}
